<record><leader>00000cas a2200000 a 4500</leader><controlfield tag="001">15481339</controlfield><controlfield tag="008">870403d18801885miucr ne      0    0eng c</controlfield><datafield ind1=" " ind2=" " tag="010"><subfield code="a">sn 87082542 </subfield></datafield><datafield ind1=" " ind2=" " tag="040"><subfield code="a">NPV</subfield><subfield code="b">eng</subfield><subfield code="c">NPV</subfield><subfield code="d">MHN</subfield><subfield code="d">OCL</subfield><subfield code="d">OCLCQ</subfield><subfield code="d">OCLCF</subfield><subfield code="d">OCLCO</subfield></datafield><datafield ind1="1" ind2=" " tag="029"><subfield code="a">AU@</subfield><subfield code="b">000025818315</subfield></datafield><datafield ind1=" " ind2=" " tag="042"><subfield code="a">pcc</subfield></datafield><datafield ind1=" " ind2=" " tag="043"><subfield code="a">n-us-mi</subfield></datafield><datafield ind1="0" ind2="0" tag="245"><subfield code="a">Schoolcraft County pioneer.</subfield></datafield><datafield ind1="1" ind2="3" tag="246"><subfield code="a">Pioneer</subfield></datafield><datafield ind1="1" ind2="3" tag="246"><subfield code="a">Schoolcraft pioneer</subfield></datafield><datafield ind1="1" ind2="3" tag="246"><subfield code="a">Semi-weekly pioneer</subfield></datafield><datafield ind1=" " ind2=" " tag="260"><subfield code="a">Manistique, Schoolcraft County, Mich. :</subfield><subfield code="b">W.E. Clarke,</subfield><subfield code="c">1880-1885.</subfield></datafield><datafield ind1=" " ind2=" " tag="300"><subfield code="a">v.</subfield></datafield><datafield ind1=" " ind2=" " tag="310"><subfield code="a">Semiweekly,</subfield><subfield code="b">Jan. 30, 1884-</subfield></datafield><datafield ind1=" " ind2=" " tag="321"><subfield code="a">Weekly,</subfield><subfield code="b">Apr. 29, 1880-Dec. 29, 1883</subfield></datafield><datafield ind1="0" ind2=" " tag="362"><subfield code="a">Vol. 1, no. 1 (Apr. 29, 1880)-v. 4, no. 36 (Dec. 29, 1883) ; 4th yr., no. 197 (Jan. 30, 1884)-5th yr., no. 323 (Apr. 18, 1885).</subfield></datafield><datafield ind1=" " ind2=" " tag="500"><subfield code="a">Publisher varies.</subfield></datafield><datafield ind1=" " ind2=" " tag="515"><subfield code="a">No paper is issued between Dec. 29, 1883 and Jan. 30, 1884 due to a fire.</subfield></datafield><datafield ind1=" " ind2=" " tag="525"><subfield code="a">Supplements accompany some issues.</subfield></datafield><datafield ind1=" " ind2="0" tag="651"><subfield code="a">Manistique (Mich.)</subfield><subfield code="v">Newspapers.</subfield></datafield><datafield ind1=" " ind2="0" tag="651"><subfield code="a">Schoolcraft County (Mich.)</subfield><subfield code="v">Newspapers.</subfield></datafield><datafield ind1=" " ind2="7" tag="655"><subfield code="a">Newspapers.</subfield><subfield code="2">fast</subfield><subfield code="0">(OCoLC)fst01423814</subfield></datafield><datafield ind1=" " ind2="7" tag="651"><subfield code="a">Michigan</subfield><subfield code="z">Manistique.</subfield><subfield code="2">fast</subfield><subfield code="0">(OCoLC)fst01228498</subfield></datafield><datafield ind1=" " ind2="7" tag="651"><subfield code="a">Michigan</subfield><subfield code="z">Schoolcraft County.</subfield><subfield code="2">fast</subfield><subfield code="0">(OCoLC)fst01206568</subfield></datafield><datafield ind1=" " ind2=" " tag="752"><subfield code="a">United States</subfield><subfield code="b">Michigan</subfield><subfield code="c">Schoolcraft</subfield><subfield code="d">Manistique.</subfield></datafield><datafield ind1="0" ind2="0" tag="785"><subfield code="t">Semi-weekly pioneer</subfield><subfield code="w">(DLC)sn 87082543</subfield><subfield code="w">(OCoLC)15481472</subfield></datafield></record>